<record><leader>00000cas a22000007a 4500</leader><controlfield tag="001">12741206</controlfield><controlfield tag="008">851031d18911909pauwr ne      0    0eng d</controlfield><datafield ind1=" " ind2=" " tag="010"><subfield code="a">sn 89077083 </subfield></datafield><datafield ind1=" " ind2=" " tag="040"><subfield code="a">NPH</subfield><subfield code="b">eng</subfield><subfield code="c">NPH</subfield><subfield code="d">OCLCQ</subfield></datafield><datafield ind1=" " ind2=" " tag="042"><subfield code="a">msc</subfield></datafield><datafield ind1="0" ind2="0" tag="245"><subfield code="a">Carlisle weekly herald.</subfield></datafield><datafield ind1=" " ind2=" " tag="260"><subfield code="a">Carlisle, Pa. :</subfield><subfield code="b">Herald Print. and Pub. Co.,</subfield><subfield code="c">1891-1909.</subfield></datafield><datafield ind1=" " ind2=" " tag="300"><subfield code="a">v.</subfield></datafield><datafield ind1=" " ind2=" " tag="310"><subfield code="a">Weekly</subfield></datafield><datafield ind1="0" ind2=" " tag="362"><subfield code="a">Aug. 6, 1891-Aug. 12, 1909.</subfield></datafield><datafield ind1=" " ind2=" " tag="515"><subfield code="a">Issues for Aug. 6, 1891- called also v. 91, no. 31-</subfield></datafield><datafield ind1=" " ind2=" " tag="752"><subfield code="a">United States</subfield><subfield code="b">Pennsylvania</subfield><subfield code="c">Cumberland</subfield><subfield code="d">Carlisle.</subfield></datafield><datafield ind1="0" ind2=" " tag="775"><subfield code="t">Carlisle daily herald</subfield><subfield code="w">(DLC)sn 86081821</subfield></datafield><datafield ind1="0" ind2="0" tag="780"><subfield code="t">Carlisle herald (Carlisle, Pa. : 1882)</subfield><subfield code="w">(DLC)sn 85038409</subfield></datafield><datafield ind1="0" ind2="7" tag="785"><subfield code="t">American volunteer (Carlisle, Pa. : 1814)</subfield><subfield code="w">(DLC)sn 83032169</subfield></datafield><datafield ind1="0" ind2="7" tag="785"><subfield code="t">Carlisle volunteer-herald</subfield><subfield code="w">(DLC)sn 86081821</subfield></datafield></record>